@article{kumar2024theoretical,
  title={Theoretical and experimental constraints for the equation of state of dense and hot matter},
  author={Kumar, Rajesh and Dexheimer, Veronica and Jahan, Johannes and Noronha, Jorge and Noronha-Hostler, Jacquelyn and Ratti, Claudia and Yunes, Nico and Nava Acuna, Angel Rodrigo and Alford, Mark and Anik, Mahmudul Hasan and others},
  journal={Living Reviews in Relativity},
  volume={27},
  number={1},
  pages={3},
  year={2024},
  publisher={Springer}
}
